<?xml version='1.0' encoding='UTF-8'?>
<record xmlns="http://www.loc.gov/MARC21/slim">
  <leader>02583cam a2200409 a 4500</leader>
  <controlfield tag="001">365415</controlfield>
  <controlfield tag="003">NjP</controlfield>
  <controlfield tag="005">20170905102531.0</controlfield>
  <controlfield tag="008">870403s1949    iq c    r     000 0 ara d</controlfield>
  <datafield tag="024" ind1="7" ind2=" ">
    <subfield code="a">princeton_aco002535</subfield>
    <subfield code="2">local</subfield>
  </datafield>
  <datafield ind1=" " ind2=" " tag="035">
    <subfield code="a">(OCoLC)ocn175373031</subfield>
  </datafield>
  <datafield ind1=" " ind2=" " tag="035">
    <subfield code="a">(OCoLC)82635707</subfield>
  </datafield>
  <datafield ind1=" " ind2=" " tag="035">
    <subfield code="a">365415</subfield>
  </datafield>
  <datafield ind1=" " ind2=" " tag="040">
    <subfield code="a">NjP</subfield>
    <subfield code="c">PUL</subfield>
    <subfield code="d">PUL</subfield>
  </datafield>
  <datafield ind1=" " ind2=" " tag="035">
    <subfield code="a">(OCoLC)175373031</subfield>
  </datafield>
  <datafield ind1=" " ind2=" " tag="035">
    <subfield code="a">(CStRLIN)NJPG87-B15089</subfield>
  </datafield>
  <datafield ind1=" " ind2=" " tag="035">
    <subfield code="9">ABU0835TS</subfield>
  </datafield>
  <datafield ind1=" " ind2=" " tag="035">
    <subfield code="a">(NjP)365415</subfield>
  </datafield>
  <datafield ind1=" " ind2=" " tag="079">
    <subfield code="a">ocm82635707</subfield>
  </datafield>
  <datafield ind1=" " ind2=" " tag="049">
    <subfield code="a">PULL</subfield>
  </datafield>
  <datafield ind1="1" ind2=" " tag="100">
    <subfield code="6">880-01</subfield>
    <subfield code="a">Khazrajī, ʻAlī Ghālib.</subfield>
  </datafield>
  <datafield ind1="1" ind2="0" tag="245">
    <subfield code="6">880-02</subfield>
    <subfield code="a">Miṣbāh al-ẓilmatayn :</subfield>
    <subfield code="b">qiṣṣat al-Yahūdī al-tāyih al-ḥaqīqīyah /</subfield>
    <subfield code="c">taʼlīf ʻAlī Ghālib al-Khazrajī.</subfield>
  </datafield>
  <datafield ind1=" " ind2=" " tag="250">
    <subfield code="6">880-03</subfield>
    <subfield code="a">al-Ṭabʻah 1.</subfield>
  </datafield>
  <datafield ind1=" " ind2=" " tag="260">
    <subfield code="6">880-04</subfield>
    <subfield code="a">Najaf :</subfield>
    <subfield code="b">Maṭbaʻat af-Ḥaydariyah,</subfield>
    <subfield code="c">1949.</subfield>
  </datafield>
  <datafield ind1=" " ind2=" " tag="300">
    <subfield code="a">140 p.</subfield>
  </datafield>
  <datafield ind1=" " ind2=" " tag="533">
    <subfield code="a">Photocopy.</subfield>
    <subfield code="e">22 cm.</subfield>
  </datafield>
  <datafield ind1=" " ind2=" " tag="500">
    <subfield code="6">880-05</subfield>
    <subfield code="a">Subtitle: Ḥawādith wāqiʻīyah; wa-waqaʼiʻ haqīqīyah kānat tayy al-khafāʼ qurūn ʻiddah lam yatawaṣṣal ilá kashfihā insān min wujūd al-arwāh wa-aljān wa-iḥḍārhā lil-ʻiyān wa-al-takallum maʻahā-- ilā ghayr dhālik. Wa-ḥadith fī ithnatay ʻasharah laylah maʻa al-Yahūdī al-tāyih yataẓamman [sic] tārīkh ḥayātihi al-hāfilah bi-al-mughāmarāt wa-al-mufājaʼāt. Wa-haqāʼiq khaṭīrah ʻan Filasṭin ghayr manshūrah ḥattā al-āna.</subfield>
  </datafield>
  <datafield ind1=" " ind2="0" tag="650">
    <subfield code="a">Wandering Jew.</subfield>
    <subfield code="0">http://id.loc.gov/authorities/subjects/sh85145083</subfield>
  </datafield>
  <datafield ind1=" " ind2="0" tag="650">
    <subfield code="a">Judaism</subfield>
    <subfield code="x">Controversial literature.</subfield>
    <subfield code="0">http://id.loc.gov/authorities/subjects/sh85070839</subfield>
  </datafield>
  <datafield ind1="1" ind2=" " tag="880">
    <subfield code="6">100-01/r</subfield>
    <subfield code="a">خزرجي، علي غالب.</subfield>
  </datafield>
  <datafield ind1="1" ind2="0" tag="880">
    <subfield code="6">245-02/r</subfield>
    <subfield code="a">مصباه الظلمتين :</subfield>
    <subfield code="b">قصة اليهودي التايه الحقيقية /</subfield>
    <subfield code="c">تأليف علي غالب الخزرجي.</subfield>
  </datafield>
  <datafield ind1=" " ind2=" " tag="880">
    <subfield code="6">250-03/r</subfield>
    <subfield code="a">الطبعة 1.</subfield>
  </datafield>
  <datafield ind1=" " ind2=" " tag="880">
    <subfield code="6">260-04/r</subfield>
    <subfield code="a">نجف :</subfield>
    <subfield code="b">مطبعة افحيدرية،</subfield>
    <subfield code="c">1949.</subfield>
  </datafield>
  <datafield ind1=" " ind2=" " tag="880">
    <subfield code="6">500-05/r</subfield>
    <subfield code="a">Subtitle: حوادث واقعية؛ ووقأع هقيقية كانة تي الخفاء قرون عدة لم يتوصل الى كشفها انسان من وجود الارواه والجان واحضارها للعيان والتكلم معها الا غير ذالك. وحدث في اثنتي عشرة ليلة مع اليهودي التايه يتظمن [س] تاريخ حياةه الهافلة بالمغامرات والمفاجأات. وهقائق خطيرة عن فلسطن غير منشورة حتا الان.</subfield>
  </datafield>
  <datafield ind1=" " ind2=" " tag="998">
    <subfield code="a">04/06/87</subfield>
    <subfield code="s">9114</subfield>
    <subfield code="n">NjP</subfield>
    <subfield code="w">NJPG87B15089</subfield>
    <subfield code="d">04/03/87</subfield>
    <subfield code="c">DGH</subfield>
    <subfield code="b">MT</subfield>
    <subfield code="i">870406</subfield>
    <subfield code="l">NJPG</subfield>
  </datafield>
  <datafield ind1=" " ind2=" " tag="911">
    <subfield code="a">19921028</subfield>
  </datafield>
  <datafield ind1=" " ind2=" " tag="912">
    <subfield code="a">19900827000000.0</subfield>
  </datafield>
  <datafield ind1=" " ind2=" " tag="994">
    <subfield code="a">C0</subfield>
    <subfield code="b">PUL</subfield>
  </datafield>
  <datafield ind1=" " ind2=" " tag="999">
    <subfield code="a">365415</subfield>
  </datafield>
  <datafield ind1="0" ind2="0" tag="852">
    <subfield code="0">399276</subfield>
    <subfield code="b">nec</subfield>
    <subfield code="t">1</subfield>
    <subfield code="h">GR75.W3</subfield>
    <subfield code="i">K42</subfield>
  </datafield>
  <datafield ind1=" " ind2=" " tag="959">
    <subfield code="a">2000-06-13 00:00:00 -0500</subfield>
  </datafield>
</record>
